%%%%%   Automotive    %%%%%%%%%%%%
@article{geiser1985man,
  title={Man machine interaction in vehicles},
  author={Geiser, G},
  journal={ATZ},
  volume={87},
  number={74-77},
  pages={56},
  year={1985}
}
@inproceedings{Kern:2009,
 author = {Kern, Dagmar and Schmidt, Albrecht},
 title = {Design Space for Driver-based Automotive User Interfaces},
 booktitle = {Proceedings of the 1st International Conference on Automotive User Interfaces and Interactive Vehicular Applications},
 series = {AutomotiveUI '09},
 year = {2009},
 isbn = {978-1-60558-571-0},
 location = {Essen, Germany},
 pages = {3--10},
 numpages = {8},
 url = {http://doi.acm.org/10.1145/1620509.1620511},
 doi = {10.1145/1620509.1620511},
 acmid = {1620511},
 publisher = {ACM},
 address = {New York, NY, USA},
 keywords = {automotive user interfaces, car user interfaces, design space},
} 
@inproceedings{Tonnis:2006,
 author = {Tonnis, Marcus and Broy, Verena and Klinker, Gudrun},
 title = {A Survey of Challenges Related to the Design of 3D User Interfaces for Car Drivers},
 booktitle = {Proceedings of the 3D User Interfaces},
 series = {3DUI '06},
 year = {2006},
 isbn = {1-4244-0225-5},
 pages = {127--134},
 numpages = {8},
 url = {http://dx.doi.org.emedien.ub.uni-muenchen.de/10.1109/VR.2006.19},
 doi = {10.1109/VR.2006.19},
 acmid = {1130542},
 publisher = {IEEE Computer Society},
 address = {Washington, DC, USA},
 keywords = {Usability, Car, Augmented Reality, Taxonomy, Ergonimcs},
} 


@article{rumar1988vehicle,
  title={In--vehicle information systems},
  author={Rumar, K},
  journal={International journal of vehicle design},
  volume={9},
  number={4-5},
  pages={548--556},
  year={1988},
  publisher={Inderscience Publishers}
}

@article{neale2005overview,
  title={An overview of the 100-car naturalistic study and findings},
  author={Neale, Vicki L and Dingus, Thomas A and Klauer, Sheila G and Sudweeks, Jeremy and Goodman, Michael},
  journal={National Highway Traffic Safety Administration, Paper},
  year={2005},
  publisher={Citeseer}
}

@incollection{burnett2008designing,
  title={Designing and evaluating in-car user-interfaces},
  author={Burnett, Gary},
  booktitle={Handbook of Research on User Interface Design and Evaluation for Mobile Technology},
  pages={218--236},
  year={2008},
  publisher={IGI Global}
}

@inproceedings{green199915,
  title={The 15-second rule for driver information systems},
  author={Green, Paul},
  booktitle={Proceedings of the ITS America Ninth Annual Meeting},
  year={1999},
  organization={Intelligent Transportation Society of America Washington, DC}
}

@inproceedings{pettitt2006assessment,
  title={Assessment of the occlusion technique as a means for evaluating the distraction potential of driver support systems},
  author={Pettitt, MA and Burnett, GE and Bayer, S and Stevens, A},
  booktitle={IEE Proceedings. Intelligent Transport Systems},
  volume={4},
  number={153},
  pages={259--266},
  year={2006}
}
@article{hart1988development,
  title={Development of NASA-TLX (Task Load Index): Results of empirical and theoretical research},
  author={Hart, Sandra G and Staveland, Lowell E},
  journal={Advances in psychology},
  volume={52},
  pages={139--183},
  year={1988},
  publisher={Elsevier}
}
@inproceedings{hart2006nasa,
  title={NASA-task load index (NASA-TLX); 20 years later},
  author={Hart, Sandra G},
  booktitle={Proceedings of the human factors and ergonomics society annual meeting},
  volume={50},
  number={9},
  pages={904--908},
  year={2006},
  organization={Sage Publications Sage CA: Los Angeles, CA}
}
@article{pauzie2008method,
  title={A method to assess the driver mental workload: The driving activity load index (DALI)},
  author={Pauzi{\'e}, A},
  journal={IET Intelligent Transport Systems},
  volume={2},
  number={4},
  pages={315},
  year={2008},
  publisher={The Institution of Engineering \& Technology}
}
@techreport{reid1982subjective,
  title={Subjective workload assessment technique},
  author={Reid, Gary B and Eggemeier, F Thomas and Shingledecker, Clark A},
  year={1982},
  institution={DTIC Document}
}
@inproceedings{Rumelin:2013,
 author = {R\"{u}melin, Sonja and Butz, Andreas},
 title = {How to Make Large Touch Screens Usable While Driving},
 booktitle = {Proceedings of the 5th International Conference on Automotive User Interfaces and Interactive Vehicular Applications},
 series = {AutomotiveUI '13},
 year = {2013},
 isbn = {978-1-4503-2478-6},
 location = {Eindhoven, Netherlands},
 pages = {48--55},
 numpages = {8},
 url = {http://doi.acm.org.emedien.ub.uni-muenchen.de/10.1145/2516540.2516557},
 doi = {10.1145/2516540.2516557},
 acmid = {2516557},
 publisher = {ACM},
 address = {New York, NY, USA},
 keywords = {automotive user interfaces, direct touch, haptics, in-vehicle information systems, physical objects, proprioception, touch gestures, visual distraction},
} 

@inproceedings{lee2013saliency,
  title={A Saliency-Based Search Model: Application of the Saliency Map for Driver-Vehicle Interfaces},
  author={Lee, Joonbum and Lee, John D and Salvucci, Dario D},
  booktitle={Proceedings of the Human Factors and Ergonomics Society Annual Meeting},
  volume={57},
  number={1},
  pages={1933--1937},
  year={2013},
  organization={SAGE Publications Sage CA: Los Angeles, CA}
}
 %%%%%%%%%%%%   Guidelines  %%%%%%%%%%%%%%
@article{driver2006statement,
  title={Statement of principles, criteria and verification procedures on driver interactions with advanced in-vehicle information and communication systems},
  author={Driver Focus-Telematics Working Group and others},
  journal={Alliance of automotive manufacturers},
  year={2006}
}
@article{national2012recommandationl,
  title={Commission recommendation of 22 December 2006 on safe and efficient in-vehicle information and
  communication systems: update of the European Statement of Principles on human machine interface},
  author={Commission of the European Communities},
  journal={Official Journal of the European Union},
  year={2008}
}

@article{ESoPl2008visual,
  title={Visual-manual NHTSA driver distraction guidelines for in-vehicle electronic devices},
  author={National Highway Traffic Safety Administration and others},
  journal={Washington, DC: National Highway Traffic Safety Administration (NHTSA), Department of Transportation (DOT)},
  year={2012},
url = {http://eur-lex.europa.eu/legal-content/EN/ALL/?uri=CELEX:32008H0653}
}

@article{national2012visual,
  title={Visual-manual NHTSA driver distraction guidelines for in-vehicle electronic devices},
  author={National Highway Traffic Safety Administration and others},
  journal={Washington, DC: National Highway Traffic Safety Administration (NHTSA), Department of Transportation (DOT)},
  year={2012}
}

@inproceedings{Green:2012:USI:2390256.2390258,
 author = {Green, Paul},
 title = {Using Standards to Improve the Replicability and Applicability of Driver Interface Research},
 booktitle = {Proceedings of the 4th International Conference on Automotive User Interfaces and Interactive Vehicular Applications},
 series = {AutomotiveUI '12},
 year = {2012},
 isbn = {978-1-4503-1751-1},
 location = {Portsmouth, New Hampshire},
 pages = {15--22},
 numpages = {8},
 url = {http://doi.acm.org.emedien.ub.uni-muenchen.de/10.1145/2390256.2390258},
 doi = {10.1145/2390256.2390258},
 acmid = {2390258},
 publisher = {ACM},
 address = {New York, NY, USA},
 keywords = {ISO 26022, SAE J2364, SAE J2365, SAE J2944, driver distraction, driver workload, lane-change test, visual-manual guidelines},
} 

@article{green1999sae,
  title={SAE J2364--Navigation and route guidance function accessibility while driving (Draft)},
  author={Green, P},
  journal={Warrendale, PA: Society of automotive engineers},
  year={1999}
}
@article{mattes2003lane,
  title={The lane-change-task as a tool for driver distraction evaluation},
  author={Mattes, Stefan},
  journal={Quality of Work and Products in Enterprises of the Future},
  volume={2003},
  pages={57},
  year={2003},
  publisher={Erognomia}
}

%%%%%  KLM %%%%%%%

@article{Card_1980,
 author = {Card, Stuart K. and Moran, Thomas P. and Newell, Allen},
 title = {The Keystroke-level Model for User Performance Time with Interactive Systems},
 journal = {Commun. ACM},
 issue_date = {July 1980},
 volume = {23},
 number = {7},
 month = jul,
 year = {1980},
 issn = {0001-0782},
 pages = {396--410},
 numpages = {15},
 url = {http://doi.acm.org/10.1145/358886.358895},
 doi = {10.1145/358886.358895},
 acmid = {358895},
 publisher = {ACM},
 address = {New York, NY, USA},
 keywords = {cognitive psychology, ergonomics, human factors, human-computer interaction, human-computer interface, systems design, user model, user performance},
}



@incollection{Green_2002,
 author = {Green, Paul},
 title = {Motor Vehicle Driver Interfaces},
 booktitle = {The Human-computer Interaction Handbook},
 editor = {Jacko, Julie A. and Sears, Andrew},
 year = {2003},
 isbn = {0-8058-3838-4},
 pages = {844--860},
 numpages = {17},
 url = {http://dl.acm.org.emedien.ub.uni-muenchen.de/citation.cfm?id=772072.772126},
 acmid = {772126},
 publisher = {L. Erlbaum Associates Inc.},
 address = {Hillsdale, NJ, USA},
} 


@inproceedings{John_2004,
 author = {John, Bonnie E. and Prevas, Konstantine and Salvucci, Dario D. and Koedinger, Ken},
 title = {Predictive Human Performance Modeling Made Easy},
 booktitle = {Proceedings of the SIGCHI Conference on Human Factors in Computing Systems},
 series = {CHI '04},
 year = {2004},
 isbn = {1-58113-702-8},
 location = {Vienna, Austria},
 pages = {455--462},
 numpages = {8},
 url = {http://doi.acm.org/10.1145/985692.985750},
 doi = {10.1145/985692.985750},
 acmid = {985750},
 publisher = {ACM},
 address = {New York, NY, USA},
 keywords = {GOMS, KLM, cognitive modeling},
} 


@inproceedings{Luo_2005,
 author = {Luo, Lu and John, Bonnie E.},
 title = {Predicting Task Execution Time on Handheld Devices Using the Keystroke-level Model},
 booktitle = {CHI '05 Extended Abstracts on Human Factors in Computing Systems},
 series = {CHI EA '05},
 year = {2005},
 isbn = {1-59593-002-7},
 location = {Portland, OR, USA},
 pages = {1605--1608},
 numpages = {4},
 url = {http://doi.acm.org/10.1145/1056808.1056977},
 doi = {10.1145/1056808.1056977},
 acmid = {1056977},
 publisher = {ACM},
 address = {New York, NY, USA},
 keywords = {cognitive modeling, handheld device, keystroke-level model, task execution time},
} 
@inproceedings{how2005optimizing,
  title={Optimizing predictive text entry for short message service on mobile phones},
  author={How, Yijue and Kan, Min-Yen},
  booktitle={Proceedings of HCII},
  volume={5},
  year={2005}
}

@inproceedings{Teo:2006,
 author = {Teo, Leonghwee and John, Bonnie E.},
 title = {Comparisons of Keystroke-level Model Predictions to Observed Data},
 booktitle = {CHI '06 Extended Abstracts on Human Factors in Computing Systems},
 series = {CHI EA '06},
 year = {2006},
 isbn = {1-59593-298-4},
 location = {Montr\&\#233;al, Qu\&\#233;bec, Canada},
 pages = {1421--1426},
 numpages = {6},
 url = {http://doi.acm.org/10.1145/1125451.1125713},
 doi = {10.1145/1125451.1125713},
 acmid = {1125713},
 publisher = {ACM},
 address = {New York, NY, USA},
 keywords = {cognitive modeling, keystroke-level model},
} 

@inproceedings{Holleis_2007,
 author = {Holleis, Paul and Otto, Friederike and Hussmann, Heinrich and Schmidt, Albrecht},
 title = {Keystroke-level Model for Advanced Mobile Phone Interaction},
 booktitle = {Proceedings of the SIGCHI Conference on Human Factors in Computing Systems},
 series = {CHI '07},
 year = {2007},
 isbn = {978-1-59593-593-9},
 location = {San Jose, California, USA},
 pages = {1505--1514},
 numpages = {10},
 url = {http://doi.acm.org/10.1145/1240624.1240851},
 doi = {10.1145/1240624.1240851},
 acmid = {1240851},
 publisher = {ACM},
 address = {New York, NY, USA},
 keywords = {design decisions, keystroke-level model (KLM), mobile phone interaction, real world interaction, user performance},
} 

@inproceedings{Pettitt_2007,
 author = {Pettitt, Michael and Burnett, Gary and Stevens, Alan},
 title = {An Extended Keystroke Level Model (KLM) for Predicting the Visual Demand of In-vehicle Information Systems},
 booktitle = {Proceedings of the SIGCHI Conference on Human Factors in Computing Systems},
 series = {CHI '07},
 year = {2007},
 isbn = {978-1-59593-593-9},
 location = {San Jose, California, USA},
 pages = {1515--1524},
 numpages = {10},
 url = {http://doi.acm.org/10.1145/1240624.1240852},
 doi = {10.1145/1240624.1240852},
 acmid = {1240852},
 publisher = {ACM},
 address = {New York, NY, USA},
 keywords = {HCI, driver distraction, in-vehicle information systems, keystroke level model, occlusion},
} 

@inproceedings{Teo_2008,
 author = {Teo, Leonghwee and John, Bonnie E.},
 title = {Cogtool-explorer: Towards a Tool for Predicting User Interaction},
 booktitle = {CHI '08 Extended Abstracts on Human Factors in Computing Systems},
 series = {CHI EA '08},
 year = {2008},
 isbn = {978-1-60558-012-8},
 location = {Florence, Italy},
 pages = {2793--2798},
 numpages = {6},
 url = {http://doi.acm.org.emedien.ub.uni-muenchen.de/10.1145/1358628.1358763},
 doi = {10.1145/1358628.1358763},
 acmid = {1358763},
 publisher = {ACM},
 address = {New York, NY, USA},
 keywords = {cognitive modeling},
} 

@mastersthesis{schneegass_2009,
  title={Modeling Interaction with Automotive User Interfaces},
  author={Schneega\ss, Stefan},
  school = "University Duisburg-Essen",
  year={2009}
}

@inproceedings{Li_2010,
 author = {Li, Hui and Liu, Ying and Liu, Jun and Wang, Xia and Li, Yujiang and Rau, Pei-Luen Patrick},
 title = {Extended KLM for Mobile Phone Interaction: A User Study Result},
 booktitle = {CHI '10 Extended Abstracts on Human Factors in Computing Systems},
 series = {CHI EA '10},
 year = {2010},
 isbn = {978-1-60558-930-5},
 location = {Atlanta, Georgia, USA},
 pages = {3517--3522},
 numpages = {6},
 url = {http://doi.acm.org.emedien.ub.uni-muenchen.de/10.1145/1753846.1754011},
 doi = {10.1145/1753846.1754011},
 acmid = {1754011},
 publisher = {ACM},
 address = {New York, NY, USA},
 keywords = {keystroke-level model (klm), mobile phone interaction, user study},
} 


@inproceedings{SchneegaB_2011,
 author = {Schneega\ss, Stefan and Pfleging, Bastian and Kern, Dagmar and Schmidt, Albrecht},
 title = {Support for Modeling Interaction with Automotive User Interfaces},
 booktitle = {Proceedings of the 3rd International Conference on Automotive User Interfaces and Interactive Vehicular Applications},
 series = {AutomotiveUI '11},
 year = {2011},
 isbn = {978-1-4503-1231-8},
 location = {Salzburg, Austria},
 pages = {71--78},
 numpages = {8},
 url = {http://doi.acm.org/10.1145/2381416.2381428},
 doi = {10.1145/2381416.2381428},
 acmid = {2381428},
 publisher = {ACM},
 address = {New York, NY, USA},
 keywords = {automotive KLM, keystroke-level model, performance measurements, prototyping automotive user interfaces},
} 

@inproceedings{Abdulin_2011,
 author = {Abdulin, Evgeniy},
 title = {Using the Keystroke-level Model for Designing User Interface on Middle-sized Touch Screens},
 booktitle = {CHI '11 Extended Abstracts on Human Factors in Computing Systems},
 series = {CHI EA '11},
 year = {2011},
 isbn = {978-1-4503-0268-5},
 location = {Vancouver, BC, Canada},
 pages = {673--686},
 numpages = {14},
 url = {http://doi.acm.org/10.1145/1979742.1979667},
 doi = {10.1145/1979742.1979667},
 acmid = {1979667},
 publisher = {ACM},
 address = {New York, NY, USA},
 keywords = {cognitive modeling, keystroke-level model},
} 

@inproceedings{Rice_2014,
 author = {Rice, Andrew D. and Lartigue, Jonathan W.},
 title = {Touch-level Model (TLM): Evolving KLM-GOMS for Touchscreen and Mobile Devices},
 booktitle = {Proceedings of the 2014 ACM Southeast Regional Conference},
 series = {ACM SE '14},
 year = {2014},
 isbn = {978-1-4503-2923-1},
 location = {Kennesaw, Georgia},
 pages = {53:1--53:6},
 articleno = {53},
 numpages = {6},
 url = {http://doi.acm.org.emedien.ub.uni-muenchen.de/10.1145/2638404.2638532},
 doi = {10.1145/2638404.2638532},
 acmid = {2638532},
 publisher = {ACM},
 address = {New York, NY, USA},
} 


@inproceedings{ElBatran_2014,
 author = {El Batran, Karim and Dunlop, Mark D.},
 title = {Enhancing KLM (Keystroke-level Model) to Fit Touch Screen Mobile Devices},
 booktitle = {Proceedings of the 16th International Conference on Human-computer Interaction with Mobile Devices \& Services},
 series = {MobileHCI '14},
 year = {2014},
 isbn = {978-1-4503-3004-6},
 location = {Toronto, ON, Canada},
 pages = {283--286},
 numpages = {4},
 url = {http://doi.acm.org/10.1145/2628363.2628385},
 doi = {10.1145/2628363.2628385},
 acmid = {2628385},
 publisher = {ACM},
 address = {New York, NY, USA},
 keywords = {fitts's law, goms, klm (keystroke-level model), quantitative prediction model, touch screen interaction},
} 


%%% Multimodal Interaction %%%%
@inproceedings{Riener:2013:SIG,
 author = {Riener, A. and Ferscha, A. and Bachmair, F. and Hagm\"{u}ller, P. and Lemme, A. and Muttenthaler, D. and P\"{u}hringer, D. and Rogner, H. and Tappe, A. and Weger, F.},
 title = {Standardization of the In-car Gesture Interaction Space},
 booktitle = {Proceedings of the 5th International Conference on Automotive User Interfaces and Interactive Vehicular Applications},
 series = {AutomotiveUI '13},
 year = {2013},
 isbn = {978-1-4503-2478-6},
 location = {Eindhoven, Netherlands},
 pages = {14--21},
 numpages = {8},
 url = {http://doi.acm.org.emedien.ub.uni-muenchen.de/10.1145/2516540.2516544},
 doi = {10.1145/2516540.2516544},
 acmid = {2516544},
 publisher = {ACM},
 address = {New York, NY, USA},
 keywords = {ISO 3958/ISO 4040, driver-vehicle interaction, gestural interaction, gesture space, standardization},
} 

@article{maciej2009comparison,
  title={Comparison of manual vs. speech-based interaction with in-vehicle information systems},
  author={Maciej, Jannette and Vollrath, Mark},
  journal={Accident Analysis \& Prevention},
  volume={41},
  number={5},
  pages={924--930},
  year={2009},
  publisher={Elsevier}
}
@inproceedings{Bertoldi:2010,
 author = {Bertoldi, Eduardo and Filgueiras, Lucia},
 title = {Multimodal Advanced Driver Assistance Systems: An Overview},
 booktitle = {Proceedings of the 2Nd International Workshop on Multimodal Interfaces for Automotive Applications},
 series = {MIAA '10},
 year = {2010},
 isbn = {978-1-60558-997-8},
 location = {Hong Kong, China},
 pages = {2--5},
 numpages = {4},
 url = {http://doi.acm.org.emedien.ub.uni-muenchen.de/10.1145/2002368.2002370},
 doi = {10.1145/2002368.2002370},
 acmid = {2002370},
 publisher = {ACM},
 address = {New York, NY, USA},
 keywords = {advanced driver assistance system, driver vehicle interaction, multimodality, warning design},
} 
@phdthesis {neuss_2001,
	author = "Neuss, Robert",
	title = "Usability Engineering als Ansatz zum Multimodalen Mensch-Maschine-Dialog",
	type = "Dissertation",
	school = "Technische Universit{\"a}t M{\"u}nchen",
	address = "M{\"u}nchen",
	year = 2001
}
@article{sharma1998toward,
  title={Toward multimodal human-computer interface},
  author={Sharma, Rajeev and Pavlovic, Vladimir I and Huang, Thomas S},
  journal={Proceedings of the IEEE},
  volume={86},
  number={5},
  pages={853--869},
  year={1998},
  publisher={IEEE}
}

@article{Reeves_2004,
 author = {Reeves, Leah M. and Lai, Jennifer and Larson, James A. and Oviatt, Sharon and Balaji, T. S. and Buisine, St{\'e}phanie and Collings, Penny and Cohen, Phil and Kraal, Ben and Martin, Jean-Claude and McTear, Michael and Raman, TV and Stanney, Kay M. and Su, Hui and Wang, Qian Ying},
 title = {Guidelines for Multimodal User Interface Design},
 journal = {Commun. ACM},
 issue_date = {January 2004},
 volume = {47},
 number = {1},
 month = jan,
 year = {2004},
 issn = {0001-0782},
 pages = {57--59},
 numpages = {3},
 url = {http://doi.acm.org.emedien.ub.uni-muenchen.de/10.1145/962081.962106},
 doi = {10.1145/962081.962106},
 acmid = {962106},
 publisher = {ACM},
 address = {New York, NY, USA},
} 


@article{Pieraccini_2004,
 author = {Pieraccini, Roberto and Dayanidhi, Krishna and Bloom, Jonathan and Dahan, Jean-Gui and Phillips, Michael and Goodman, Bryan R. and Prasad, K. Venkatesh},
 title = {Multimodal Conversational Systems for Automobiles},
 journal = {Commun. ACM},
 issue_date = {January 2004},
 volume = {47},
 number = {1},
 month = jan,
 year = {2004},
 issn = {0001-0782},
 pages = {47--49},
 numpages = {3},
 url = {http://doi.acm.org.emedien.ub.uni-muenchen.de/10.1145/962081.962104},
 doi = {10.1145/962081.962104},
 acmid = {962104},
 publisher = {ACM},
 address = {New York, NY, USA},
} 

@inproceedings{Pfleging_t_2011,
    author = {Bastian Pfleging and Michael Kienast and Albrecht Schmidt and Tanja D{\"o}ring},
    title = {T.: SpeeT: A Multimodal Interaction Style Combining Speech and Touch Interaction in Automotive Environments},
    booktitle = {In Adjunct Proc. AutomotiveUI 11},
    year = {2011}
}

@article{Muller_2011,
 author = {Muller, Christian and Weinberg, Garrett},
 title = {Multimodal Input in the Car, Today and Tomorrow},
 journal = {IEEE MultiMedia},
 issue_date = {January 2011},
 volume = {18},
 number = {1},
 month = jan,
 year = {2011},
 issn = {1070-986X},
 pages = {98--103},
 numpages = {6},
 url = {http://dx.doi.org/10.1109/MMUL.2011.14},
 doi = {10.1109/MMUL.2011.14},
 acmid = {1957487},
 publisher = {IEEE Computer Society Press},
 address = {Los Alamitos, CA, USA},
 keywords = {automotive, gaze., gesture, input, multimodal, multimodal, input, automotive, speech, voice, gesture, touch, gaze., speech, touch, voice},
} 


@mastersthesis{stracke2014touch,
  title={Touch-Screen-Interaktion auf der Mittelkonsole zur Steuerung von Funktionen im Fahrzeug},
  author={Stracke, Tobias},
  school = "Universit{\"a}t Stuttgart",
  year={2014}
}

@inproceedings{Pfleging_2012,
 author = {Pfleging, Bastian and Schneegass, Stefan and Schmidt, Albrecht},
 title = {Multimodal Interaction in the Car: Combining Speech and Gestures on the Steering Wheel},
 booktitle = {Proceedings of the 4th International Conference on Automotive User Interfaces and Interactive Vehicular Applications},
 series = {AutomotiveUI '12},
 year = {2012},
 isbn = {978-1-4503-1751-1},
 location = {Portsmouth, New Hampshire},
 pages = {155--162},
 numpages = {8},
 url = {http://doi.acm.org/10.1145/2390256.2390282},
 doi = {10.1145/2390256.2390282},
 acmid = {2390282},
 publisher = {ACM},
 address = {New York, NY, USA},
 keywords = {automotive user interfaces, gesture interaction, multimodal interfaces, speech interaction},
} 
@inproceedings{Doring:2011,
 author = {D\"{o}ring, Tanja and Kern, Dagmar and Marshall, Paul and Pfeiffer, Max and Sch\"{o}ning, Johannes and Gruhn, Volker and Schmidt, Albrecht},
 title = {Gestural Interaction on the Steering Wheel: Reducing the Visual Demand},
 booktitle = {Proceedings of the SIGCHI Conference on Human Factors in Computing Systems},
 series = {CHI '11},
 year = {2011},
 isbn = {978-1-4503-0228-9},
 location = {Vancouver, BC, Canada},
 pages = {483--492},
 numpages = {10},
 url = {http://doi.acm.org.emedien.ub.uni-muenchen.de/10.1145/1978942.1979010},
 doi = {10.1145/1978942.1979010},
 acmid = {1979010},
 publisher = {ACM},
 address = {New York, NY, USA},
 keywords = {automotive user interfaces, driver distraction, gestural input, multi-touch, user-defined gestures, visual demand},
} 

@inproceedings{Jude:2014,
 author = {Jude, Alvin and Poor, G. Michael and Guinness, Darren},
 title = {Evaluating Multimodal Interaction with Gestures and Speech for Point and Select Tasks},
 booktitle = {Proceedings of the 8th Nordic Conference on Human-Computer Interaction: Fun, Fast, Foundational},
 series = {NordiCHI '14},
 year = {2014},
 isbn = {978-1-4503-2542-4},
 location = {Helsinki, Finland},
 pages = {1027--1030},
 numpages = {4},
 url = {http://doi.acm.org.emedien.ub.uni-muenchen.de/10.1145/2639189.2670267},
 doi = {10.1145/2639189.2670267},
 acmid = {2670267},
 publisher = {ACM},
 address = {New York, NY, USA},
 keywords = {gestural interaction, multimodal interaction, speech input},
} 

%%%%%%%%   Bücher %%%%%%%%%%%%%%

@book{field2002design,
  title={How to design and report experiments},
  author={Field, Andy and Hole, Graham},
  year={2002},
  publisher={Sage}
}
@book{butz2014mensch,
  title={Mensch-Maschine-Interaktion},
  author={Butz, Andreas and Kr{\"u}ger, Antonio},
  year={2014},
  publisher={Walter de Gruyter GmbH \& Co KG}
}

%%%%%%%%%%%%%%%  sonstiges  %%%%%%%%%%%%%%%%%%%%%%

@inproceedings{Potter:2013,
 author = {Potter, Leigh Ellen and Araullo, Jake and Carter, Lewis},
 title = {The Leap Motion Controller: A View on Sign Language},
 booktitle = {Proceedings of the 25th Australian Computer-Human Interaction Conference: Augmentation, Application, Innovation, Collaboration},
 series = {OzCHI '13},
 year = {2013},
 isbn = {978-1-4503-2525-7},
 location = {Adelaide, Australia},
 pages = {175--178},
 numpages = {4},
 url = {http://doi.acm.org.emedien.ub.uni-muenchen.de/10.1145/2541016.2541072},
 doi = {10.1145/2541016.2541072},
 acmid = {2541072},
 publisher = {ACM},
 address = {New York, NY, USA},
 keywords = {deaf children, gesture recognition, leap motion, sign language},
} 

@article{diefenbach2010handbuch,
  title={Handbuch zur Fun-ni Toolbox--User Experience Evaluation auf drei Ebenen},
  author={Diefenbach, S and Hassenzahl, M},
  journal={Online verf{\"u}gbar: http://fun-ni. org/wpcontent/uploads/Diefenbach+ Hassenzahl\_2010\_HandbuchFun-niToolbox. pdf},
  year={2010}
}

@inproceedings{ullrich2010intui,
  title={INTUI. Exploring the Facets of Intuitive Interaction.},
  author={Ullrich, Daniel and Diefenbach, Sarah},
  booktitle={Mensch \& computer},
  volume={10},
  pages={251},
  year={2010}
}
@article{MacKenzie:1992,
 author = {MacKenzie, I. Scott},
 title = {Fitts' Law As a Research and Design Tool in Human-computer Interaction},
 journal = {Hum.-Comput. Interact.},
 issue_date = {March 1992},
 volume = {7},
 number = {1},
 month = mar,
 year = {1992},
 issn = {0737-0024},
 pages = {91--139},
 numpages = {49},
 url = {http://dx.doi.org/10.1207/s15327051hci0701_3},
 doi = {10.1207/s15327051hci0701_3},
 acmid = {1461857},
 publisher = {L. Erlbaum Associates Inc.},
 address = {Hillsdale, NJ, USA},
} 

@article{fitts1954information,
  title={The information capacity of the human motor system in controlling the amplitude of movement.},
  author={Fitts, Paul M},
  journal={Journal of experimental psychology},
  volume={47},
  number={6},
  pages={381},
  year={1954},
  publisher={American Psychological Association}
}
@article{card1983psychology,
  title={The psychology of human-computer interaction},
  author={Card, Stuart K and Newell, Allen and Moran, Thomas P},
  year={1983},
  publisher={L. Erlbaum Associates Inc.}
}

@inproceedings{sasangohar2009evaluation,
  title={Evaluation of mouse and touch input for a tabletop display using Fitts' reciprocal tapping task},
  author={Sasangohar, Farzan and MacKenzie, I Scott and Scott, Stacey D},
  booktitle={Proceedings of the Human Factors and Ergonomics Society Annual Meeting},
  volume={53},
  number={12},
  pages={839--843},
  year={2009},
  organization={SAGE Publications}
}

@inproceedings{salber1993applying,
  title={Applying the wizard of oz technique to the study of multimodal systems},
  author={Salber, Daniel and Coutaz, Jo{\"e}lle},
  booktitle={International Conference on Human-Computer Interaction},
  pages={219--230},
  year={1993},
  organization={Springer}
}
@inproceedings{Wobbrock:2009,
 author = {Wobbrock, Jacob O. and Morris, Meredith Ringel and Wilson, Andrew D.},
 title = {User-defined Gestures for Surface Computing},
 booktitle = {Proceedings of the SIGCHI Conference on Human Factors in Computing Systems},
 series = {CHI '09},
 year = {2009},
 isbn = {978-1-60558-246-7},
 location = {Boston, MA, USA},
 pages = {1083--1092},
 numpages = {10},
 url = {http://doi.acm.org/10.1145/1518701.1518866},
 doi = {10.1145/1518701.1518866},
 acmid = {1518866},
 publisher = {ACM},
 address = {New York, NY, USA},
 keywords = {gesture recognition, gestures, guessability, referents, signs, surface, tabletop, think-aloud},
} 