



@online{Unity,
  author = {Unity Technologies},
  title = {{Unity - Gane Engine} Kernel Description},
  year = 1999,
  url = {https://unity3d.com/de},
  urldate = {2016-10-07}
}

@online{Leap,
  author = {Leap Motion},
  title = {{Unity - Gane Engine} Kernel Description},
  year = 1999,
  url = {https://www.leapmotion.com/},
  urldate = {2016-10-07}
}
